@article{ma2022shieldfl,
  title={ShieldFL: Mitigating model poisoning attacks in privacy-preserving federated learning},
  author={Ma, Zhuoran and Ma, Jianfeng and Miao, Yinbin and Li, Yingjiu and Deng, Robert H},
  journal={IEEE Transactions on Information Forensics and Security},
  volume={17},
  pages={1639--1654},
  year={2022},
  publisher={IEEE}
}

@article{liu2016efficient,
  title={An efficient privacy-preserving outsourced calculation toolkit with multiple keys},
  author={Liu, Ximeng and Deng, Robert H and Choo, Kim-Kwang Raymond and Weng, Jian},
  journal={IEEE Transactions on Information Forensics and Security},
  volume={11},
  number={11},
  pages={2401--2414},
  year={2016},
  publisher={IEEE}
}

@article{liu2016efficient2,
  title={Efficient and privacy-preserving outsourced calculation of rational numbers},
  author={Liu, Ximeng and Choo, Kim-Kwang Raymond and Deng, Robert H and Lu, Rongxing and Weng, Jian},
  journal={IEEE Transactions on Dependable and Secure Computing},
  volume={15},
  number={1},
  pages={27--39},
  year={2016},
  publisher={IEEE}
}
